%% PPGCC - CCN - UFPI

%% This BibTeX bibliography file was created using BibDesk.
%% http://bibdesk.sourceforge.net/

%% Exemplo de arquivo .bib a ser utilizado para gerar a Biliografia


@article{campos2021vulnerability,
  title={A vulnerability analysis for the management of and response to the COVID-19 epidemic in the second most populous state in Brazil},
  author={Campos, Igor Silva and Aratani, Vin{\'\i}cius Ferreira and Cabral, Karina Baltor and Limongi, Jean Ezequiel and Oliveira, Stefan Vilges de},
  journal={Frontiers in Public Health},
  volume={9},
  pages={331},
  year={2021},
  publisher={Frontiers}
}

%===========================================================================%
% Capitulo 01                                                               %
%===========================================================================%

@book{hays_2005,
  title={Epidemics and pandemics: their impacts on human history},
  author={Hays, Jo N},
  year={2005},
  publisher={Abc-clio}
}

@book{wright_2021,
  title={The Big Book of Infectious Disease Trivia: Everything You Ever Wanted to Know about the World's Worst Pandemics, Epidemics, and Diseases},
  author={Wright, Kristina},
  year={2021},
  publisher={Ulysses Press}
}

@article{fagherazzi_2020,
  title={Digital health strategies to fight COVID-19 worldwide: challenges, recommendations, and a call for papers},
  author={Fagherazzi, Guy and Goetzinger, Catherine and Rashid, Mohammed Ally and Aguayo, Gloria A and Huiart, Laetitia},
  journal={Journal of Medical Internet Research},
  volume={22},
  year={2020},
  publisher={JMIR Publications Inc., Toronto, Canada}
}

@misc{pinheiro_2020,
author = {Pinheiro, Chlo{\'{e}} and Ruprecht, Theo},
booktitle = {Veja Sa{\'{u}}de},
mendeley-groups = {Master Thesis/1- Introdu{\c{c}}{\~{a}}o},
title = {{Coronav{\'{i}}rus: primeiro caso {\'{e}} confirmado no Brasil. O que fazer agora?}},
url = {https://saude.abril.com.br/medicina/coronavirus-primeiro-caso-brasil/},
urldate = {01/02/2021},
year = {2020}
}

@misc{MinisteriodaSaude_2021,
author = {{Minist{\'{e}}rio da Sa{\'{u}}de}},
mendeley-groups = {Master Thesis/1- Introdu{\c{c}}{\~{a}}o},
title = {{Portal Coronav{\'{i}}rus Brasil}},
url = {https://covid.saude.gov.br},
urldate = {01/02/2021},
year = {2021}
}

@misc{ARPENBRASIL2020,
author = {{ARPEN BRASIL}},
title = {{Portal da Transpar{\^{e}}ncia do Registro Civil}},
url = {https://transparencia.registrocivil.org.br/especial-covid},
urldate = {2020-10-21},
year = {2020}
}

@misc{worldometer_2021,
author = {Worldometer},
title = {COVID-19 Coronavirus Pandemic},
url = {https://www.worldometers.info/coronavirus/},
urldate = {01/02/2021},
year = {2021}
}

@article{ranzani_2021,
author = {Ranzani, Otavio T and Bastos, Leonardo S L and Gelli, João Gabriel M and Marchesi, Janaína F and Baião, Fernanda and Hamacher, Sílvio and Bozza, Fernando A},
doi = {10.1016/S2213-2600(20)30560-9},
issn = {2213-2619},
journal = {The Lancet. Respiratory medicine},
number = {20},
title = {Characterisation of the first 250000 hospital admissions for COVID-19 in Brazil: a retrospective analysis of nationwide data.},
volume = {2600},
year = {2021}
}

@article{cardoso_2020,
author = {Cardoso, Evelin Helena Silva and Silva, Marcelino Silva Da and {De Albuquerque Felix Junior}, Francisco Eguinaldo and {De Carvalho}, Solon Venancio and {De Carvalho}, Andre Carlos Ponce De Leon Ferreira and Vijaykumar, Nandamudi and Frances, Carlos Renato Lisboa},
doi = {10.1109/access.2020.3024910},
issn = {2169-3536},
journal = {IEEE Access},
pages = {172563--172580},
title = {{Characterizing the Impact of Social Inequality on COVID-19 Propagation in Developing Countries}},
volume = {8},
year = {2020}
}

@article{kigozi_2019,
author = {Kigozi, Simon P. and Kigozi, Ruth N. and Sserwanga, Asadu and Nankabirwa, Joaniter I. and Staedke, Sarah G. and Kamya, Moses R. and Pullan, Rachel L.},
doi = {10.4269/ajtmh.18-0901},
issn = {00029637},
journal = {American Journal of Tropical Medicine and Hygiene},
number = {1},
pages = {137--147},
pmid = {31074412},
title = {{Malaria burden through routine reporting: Relationship between incidence and test positivity rates}},
volume = {101},
year = {2019}
}

@article{hasell_2020,
author = {Hasell, Joe and Mathieu, Edouard and Beltekian, Diana and Macdonald, Bobbie and Giattino, Charlie and Ortiz-Ospina, Esteban and Roser, Max and Ritchie, Hannah},
doi = {10.1038/s41597-020-00688-8},
issn = {20524463},
journal = {Scientific Data},
number = {1},
pages = {1--7},
title = {{A cross-country database of COVID-19 testing}},
volume = {7},
year = {2020}
}

@article{wheeler_1999,
author = {Wheeler, J G and Sethi, D and Cowden, J M and Wall, P G and Rodrigues, L C and Tompkins, D S and Hudson, M J and Roderick, P J},
journal = {Bmj},
mendeley-groups = {Master Thesis/1- Introdu{\c{c}}{\~{a}}o},
number = {April},
pages = {1046--1050},
title = {{General practice study of infectious intestinal disease in England: and reported to national surveillance}},
volume = {318},
year = {1999}
}


%===========================================================================%
% Capitulo 02                                                              %
%===========================================================================%

@book{youngerman_2008,
author = {Youngerman, Barry},
isbn = {9780816070206},
publisher = {Facts on File},
title = {{Global Issues: Pandemics and Global Health}},
year = {2008}
}

@book{gregg_2008,
author = {Gregg, Michael},
file = {:Users/andrematte/Documents/Mendeley Desktop/Gregg/Unknown/Gregg{\_}2008{\_}Field Epidemiology.pdf:pdf},
isbn = {9780195313802},
mendeley-groups = {Master Thesis/2- Referencial},
publisher = {Oxford University Press},
title = {{Field Epidemiology}},
year = {2008}
}

@misc{minsaude_2018,
author = {{Minist{\'{e}}rio da Sa{\'{u}}de}},
file = {:Users/andrematte/Documents/Mendeley Desktop/Sa{\'{u}}de/Unknown/Sa{\'{u}}de{\_}2018{\_}Guia para Investiga{\c{c}}{\~{o}}es de Surtos ou Epidemias.pdf:pdf},
isbn = {9788533426603},
mendeley-groups = {Master Thesis/2- Referencial},
title = {{Guia para Investiga{\c{c}}{\~{o}}es de Surtos ou Epidemias}},
url = {www.saude.gov.br/svs},
year = {2018}
}

@article{martins_2007,
  title={S{\'\i}ndrome Respirat{\'o}ria Aguda Grave},
  author={Martins, Fernando SV and others},
  year={2007}
}

@article{hirsch_2016,
  title={ICD-10: history and context},
  author={Hirsch, JA and Nicola, G and McGinty, G and Liu, RW and Barr, RM and Chittle, MD and Manchikanti, L},
  journal={American Journal of Neuroradiology},
  volume={37},
  number={4},
  pages={596--599},
  year={2016},
  publisher={Am Soc Neuroradiology}
}

@book{WHO_2010,
author = {{World Health Organization}},
isbn = {9789241548342},
issn = {1531-1929},
mendeley-groups = {Master Thesis/2- Referencial},
pmid = {22150736},
title = {{International Statistical Classification of Diseases and Related Health Problems: Instruction manual}},
year = {2010}
}

@misc{moore_2017,
author = {Moore, B J},
file = {:Users/andrematte/Documents/Mendeley Desktop/Moore/Unknown/Moore{\_}2017{\_}Brief Introduction to ICD-10-CMPCS Codes.pdf:pdf},
mendeley-groups = {Master Thesis/2- Referencial},
publisher = {U.S. Agency for Healthcare Research and Quality},
title = {{Brief Introduction to ICD-10-CM/PCS Codes}},
url = {https://www.hcup-us.ahrq.gov/datainnovations/BriefIntrotoICD-10Codes041117.pdf},
year = {2017}
}


@misc{WHO2020,
author = {{World Health Organization}},
title={International Statistical Classification of Diseases and Related Health Problems 10th Revision},
mendeley-groups = {Master Thesis/Fontes de Dados COVID-19},
title = {{ICD-10}},
url = {https://icd.who.int/browse10/2019/en},
urldate = {2020-10-23},
year = {2020}
}

@book{minsaude_2009,
author = {{Minist{\'{e}}rio da Sa{\'{u}}de}},
isbn = {9788533416147},
title = {{A Declara{\c{c}}{\~{a}}o de {\'{O}}bito documento}},
year = {2009}
}

@misc{DATASUS2020,
author = {{DATASUS}},
mendeley-groups = {Master Thesis/Fontes de Dados COVID-19},
title = {{Portal do Departamento de Informática do Sistema Único de Saúde}},
url = {https://datasus.saude.gov.br/sobre-o-datasus/},
urldate = {2020-10-23},
year = {2020}
}

@book{ziebuhr_2016,
   title =     {Coronaviruses},
   author =    {John Ziebuhr},
   publisher = {Academic Press},
   isbn =      {978-0-12-804736-1},
   year =      {2016},
   series =    {Advances in Virus Research 96},
   edition =   {1},
}

@misc{tesini_2020,
author = {Tesini, Brenda L.},
mendeley-groups = {Master Thesis/2- Referencial},
title = {{Coronavírus e Síndromes respiratórias agudas (COVID-19, MERS e SARS)}},
url = {https://www.msdmanuals.com/pt-pt/casa/infecções/vírus-respiratórios/coronavírus-e-síndromes-respiratórias-agudas-covid-19,-mers-e-sars?redirectid=373},
urldate = {14/02/2020},
year = {2020}
}

@misc{varella_2017,
author = {Varella, Maria Helena},
mendeley-groups = {Master Thesis/2- Referencial},
title = {{SARS/SRAG – s{\'{i}}ndrome respirat{\'{o}}ria aguda grave}},
url = {https://drauziovarella.uol.com.br/doencas-e-sintomas/sars-srag-sindrome-respiratoria-aguda-grave/},
urldate = {14/02/2021},
year = {2017}
}

@article{jih_2005,
author = {Jih, Thomas Kuen-shan},
title = {{Acute Respiratory Distress Syndrome ( ARDS ) and Severe Acute Respiratory Syndrome ( SARS ): Are We Speaking Different Languages ?}},
year = {2005}
}

@book{brasil_2018,
author = {Brasil, Minist{\'{e}}rio da Sa{\'{u}}de},
isbn = {9788533420298},
title = {{Protocolo de tratamento de Influenza: 2013}},
year = {2018}
}

@article{guan_2020,
author = {Guan, Wei-jie and Ni, Zheng-yi and Hu, Yu and Liang, Wen-hua and Ou, Chun-quan and He, Jian-xing and Liu, Lei and Shan, Hong and Lei, Chun-liang and Hui, David S.C. and Du, Bin and Li, Lan-juan and Zeng, Guang and Yuen, Kwok-Yung and Chen, Ru-chong and Tang, Chun-li and Wang, Tao and Chen, Ping-yan and Xiang, Jie and Li, Shi-yue and Wang, Jin-lin and Liang, Zi-jing and Peng, Yi-xiang and Wei, Li and Liu, Yong and Hu, Ya-hua and Peng, Peng and Wang, Jian-ming and Liu, Ji-yang and Chen, Zhong and Li, Gang and Zheng, Zhi-jian and Qiu, Shao-qin and Luo, Jie and Ye, Chang-jiang and Zhu, Shao-yong and Zhong, Nan-shan},
doi = {10.1056/nejmoa2002032},
issn = {0028-4793},
journal = {New England Journal of Medicine},
number = {18},
pages = {1708--1720},
pmid = {32109013},
title = {{Clinical Characteristics of Coronavirus Disease 2019 in China}},
volume = {382},
year = {2020}
}

@misc{minsaude_2020_sobre,
author = {{Minist{\'{e}}rio da Sa{\'{u}}de}},
mendeley-groups = {Master Thesis/2- Referencial},
title = {{Sobre a Doen{\c{c}}a}},
url = {https://coronavirus.saude.gov.br/sobre-a-doenca},
urldate = {14/02/2021},
year = {2020}
}

@article{yanes_2020,
author = {Yanes-Lane, Mercedes and Winters, Nicholas and Fregonese, Federica and Bastos, Mayara and Perlman-Arrow, Sara and Campbell, Jonathon R. and Menzies, Dick},
doi = {10.1371/journal.pone.0241536},
issn = {19326203},
journal = {PLoS ONE},
number = {11 November},
pages = {1--21},
pmid = {33141862},
title = {{Proportion of asymptomatic infection among COVID-19 positive persons and their transmission potential: A systematic review and meta-analysis}},
url = {http://dx.doi.org/10.1371/journal.pone.0241536},
volume = {15},
year = {2020}
}

@misc{abril_2020,
author = {Abril},
mendeley-groups = {Master Thesis/2- Referencial},
title = {{Testes para coronav{\'{i}}rus: entenda os tipos e diferen{\c{c}}as entre eles}},
url = {https://saude.abril.com.br/medicina/testes-do-novo-coronavirus/},
urldate = {14/02/2021},
year = {2020}
}

@article{keramarou_2012,
  title={Completeness of infectious disease notification in the United Kingdom: a systematic review},
  author={Keramarou, Maria and Evans, Meirion R},
  journal={Journal of Infection},
  volume={64},
  number={6},
  pages={555--564},
  year={2012},
  publisher={Elsevier}
}

@misc{fiocruz_2020,
author = {FioCruz},
title = {Situando Síndrome Respiratória Aguda Grave (SRAG) e COVID19},
year = {2020}
}

@book{chatfield_2001,
   title =     {Time-Series Forecasting},
   author =    {Chris Chatfield},
   publisher = {Chapman and Hall/CRC},
   isbn =      {9781584880639,1-58488-063-5},
   year =      {2001}
   }
   
@article{tseng_2020,
author = {Tseng, Vincent S. and {Jia-Ching Ying}, Josh and Wong, Stephen T.C. and Cook, Diane J. and Liu, Jiming},
doi = {10.1109/MCI.2020.3019873},
issn = {15566048},
journal = {IEEE Computational Intelligence Magazine},
number = {4},
pages = {10--22},
title = {{Computational Intelligence Techniques for Combating COVID-19: A Survey}},
volume = {15},
year = {2020}
}

@article{gibbons_2014,
author = {Gibbons, Cheryl L. and Mangen, Marie Jos{\'{e}}e J. and Plass, Dietrich and Havelaar, Arie H. and Brooke, Russell John and Kramarz, Piotr and Peterson, Karen L. and Stuurman, Anke L. and Cassini, Alessandro and F{\`{e}}vre, Eric M. and Kretzschmar, Mirjam Ee},
doi = {10.1186/1471-2458-14-147},
issn = {14712458},
journal = {BMC Public Health},
number = {1},
pages = {1--17},
pmid = {24517715},
title = {{Measuring underreporting and under-ascertainment in infectious disease datasets: A comparison of methods}},
volume = {14},
year = {2014}
}

@article{gamado_2014,
author = {Gamado, Kokouvi M. and Streftaris, George and Zachary, Stan},
doi = {10.1007/s00285-013-0717-z},
issn = {14321416},
journal = {Journal of Mathematical Biology},
number = {3},
pages = {737--765},
pmid = {23942791},
title = {{Modelling under-reporting in epidemics}},
volume = {69},
year = {2014}
}

@inproceedings{Fayyad1996,
  title={Advances in knowledge discovery and data mining},
  author={Fayyad, Usama M and Piatetsky-Shapiro, Gregory and Smyth, Padhraic and Uthurusamy, Ramasamy},
  year={1996},
  organization={American Association for Artificial Intelligence}
}

@article{Taylor2018,
  title={Forecasting at scale},
  author={Taylor, Sean J and Letham, Benjamin},
  journal={The American Statistician},
  volume={72},
  number={1},
  pages={37--45},
  year={2018},
  publisher={Taylor \& Francis}
}

@misc{NeuralProphet2019,
author = {NeuralProphet},
mendeley-groups = {Master Thesis/2- Referencial},
title = {{Neural Prophet Documentation}},
url = {http://neuralprophet.com},
urldate = {05/03/2021},
year = {2019}
}


@incollection{PyTorch2019,
title = {PyTorch: An Imperative Style, High-Performance Deep Learning Library},
author = {Paszke, Adam and Gross, Sam and Massa, Francisco and Lerer, Adam and Bradbury, James and Chanan, Gregory and Killeen, Trevor and Lin, Zeming and Gimelshein, Natalia and Antiga, Luca and Desmaison, Alban and Kopf, Andreas and Yang, Edward and DeVito, Zachary and Raison, Martin and Tejani, Alykhan and Chilamkurthy, Sasank and Steiner, Benoit and Fang, Lu and Bai, Junjie and Chintala, Soumith},
booktitle = {Advances in Neural Information Processing Systems 32},
editor = {H. Wallach and H. Larochelle and A. Beygelzimer and F. d\textquotesingle Alch\'{e}-Buc and E. Fox and R. Garnett},
pages = {8024--8035},
year = {2019},
publisher = {Curran Associates, Inc.},
url = {http://papers.neurips.cc/paper/9015-pytorch-an-imperative-style-high-performance-deep-learning-library.pdf}
}

@article{Carpenter2017,
author = {Carpenter, Bob and Gelman, Andrew and Hoffman, Matthew D. and Lee, Daniel and Goodrich, Ben and Betancourt, Michael and Brubaker, Marcus A. and Guo, Jiqiang and Li, Peter and Riddell, Allen},
doi = {10.18637/jss.v076.i01},
issn = {15487660},
journal = {Journal of Statistical Software},
keywords = {Algorithmic differentiation,Bayesian inference,Probabilistic program,Stan},
title = {{Stan: A probabilistic programming language}},
year = {2017}
}

@article{Harvey1990,
author = {Harvey, A. C. and Peters, S.},
doi = {10.1002/for.3980090203},
issn = {1099131X},
journal = {Journal of Forecasting},
title = {{Estimation procedures for structural time series models}},
year = {1990}
}

@misc{Harvey1993,
author = {Harvey, Andrew C. and Shephard, Neil},
booktitle = {Handbook of Statistics},
doi = {10.1016/S0169-7161(05)80045-8},
issn = {01697161},
title = {{10 Structural time series models}},
year = {1993}
}

@incollection{Nocedal2006,
author = {Nocedal, Jorge and Wright, Stephen J.},
booktitle = {Springer Series in Operations Research and Financial Engineering},
doi = {10.1201/b19115-11},
issn = {21971773},
title = {{Numerical optimization}},
year = {2006}
}

@article{McCulloch_1943,
  title={A logical calculus of the ideas immanent in nervous activity},
  author={McCulloch, Warren S and Pitts, Walter},
  journal={The bulletin of mathematical biophysics},
  volume={5},
  number={4},
  pages={115--133},
  year={1943},
  publisher={Springer}
}

@book{Russell_2009,
 author = {Russell, Stuart and Norvig, Peter},
 title = {Artificial Intelligence: A Modern Approach},
 year = {2009},
 isbn = {0136042597, 9780136042594},
 edition = {3rd},
 publisher = {Prentice Hall Press},
 address = {Upper Saddle River, NJ, USA}
} 


%===========================================================================%
% Capitulo 03                                                              %
%===========================================================================%


@article{DoPrado2020,
author = {Do Prado, Marcelo Freitas and {De Paula Antunes}, Bianca Brand{\~{a}}o and {Dos Santos Louren{\c{c}}o Bastos}, Leonardo and Peres, Igor Tona and {De Ara{\'{u}}jo Batista Da Silva}, Amanda and Dantas, Leila Figueiredo and Bai{\~{a}}o, Fernanda Ara{\'{u}}jo and Ma{\c{c}}aira, Paula and Hamacher, Silvio and Bozza, Fernando Augusto},
doi = {10.5935/0103-507X.20200030},
issn = {19824335},
journal = {Revista Brasileira de Terapia Intensiva},
keywords = {Brazil,Coronavirus infections,Covid-19,Mortality,Pandemics/statistics {\&} numerical data,Reporting of healthcare data},
number = {2},
pages = {224--228},
pmid = {32667439},
title = {{Analysis of COVID-19 under-reporting in Brazil}},
volume = {32},
year = {2020}
}

@article{Wiemken2020,
author = {Wiemken, Timothy L. and Rutschman, Ana Santos and Niemotka, Samson L. and Hoft, Daniel},
doi = {10.3201/eid2611.200706},
issn = {10806059},
journal = {Emerging Infectious Diseases},
mendeley-groups = {Master Thesis/3- Correlatos},
pmid = {33079038},
title = {{Thresholds versus anomaly detection for surveillance of pneumonia and influenza mortality}},
year = {2020}
}

@misc{Brant2020,
author = {Brant, Luisa C.C. and Nascimento, Bruno R. and Teixeira, Renato and Lopes, Marcelo Ant{\^{o}}nio C.Q. and Malta, Deborah C. and Oliveira, Gl{\'{a}}ucia Maria M. and Ribeiro, Antonio Luiz P.},
booktitle = {medRxiv},
doi = {10.1101/2020.06.24.20139295},
issn = {1468-201X},
keywords = {Acute coronary syndrome,Brazil,COVID-19,Cardiovascular disease,Mortality},
mendeley-groups = {Master Thesis/3- Correlatos},
title = {{Excess of cardiovascular deaths during the COVID-19 pandemic in brazilian capital cities}},
year = {2020}
}

@article{Atwaneh2020,
author = {Atwaneh, Samer H. and Ghaleb, Osamah A. M. and Hussein, Ahmad M. H. and Al-Madi, Mohammad and Shehabat, Bilal},
doi = {10.3844/jcssp.2020.1278.1290},
journal = {Journal of Computer Science},
title = {{Forecasting the spread of the COVID-19 pandemic in Saudi Arabia using ARIMA prediction model under current public health interventions}},
year = {2020}
}


@article{White2010,
author = {White, Laura F. and Pagano, Marcello},
doi = {10.1186/1742-5573-7-12},
issn = {17425573},
journal = {Epidemiologic Perspectives and Innovations},
mendeley-groups = {Master Thesis/3- Correlatos},
title = {{Reporting errors in infectious disease outbreaks, with an application to Pandemic Influenza A/H1N1}},
year = {2010}
}

@article{Nogueira2020,
author = {Nogueirai, Paulo Jorge and {De Ara{\'{u}}jo Nobre}, Miguel and Nicola, Paulo Jorge and Furtado, Cristina and {Vaz Carneiro}, Ant{\'{o}}nio},
doi = {10.20344/amp.13928},
issn = {16460758},
journal = {Acta Medica Portuguesa},
keywords = {Coronavirus,Coronavirus infections,Disease outbreaks,Mortality,Pandemics,Portugal},
mendeley-groups = {Master Thesis/3- Correlatos},
pmid = {32343650},
title = {{Excess mortality estimation during the COVID-19 pandemic: Preliminary data from Portugal}},
year = {2020}
}

@article{Vestergaard2020,
author = {Vestergaard, Lasse S. and Nielsen, Jens and Richter, Lukas and Schmid, Daniela and Bustos, Natalia and Braeye, Toon and Denissov, Gleb and Veideman, Tatjana},
issn = {15607917},
journal = {Eurosurveillance},
title = {Excess all-cause mortality during the COVID-19 pandemic in Europe},
year = {2020}
}

@article{Stoner2019,
archivePrefix = {arXiv},
arxivId = {1809.00544},
author = {Stoner, Oliver and Economou, Theo and {Drummond Marques da Silva}, Gabriela},
doi = {10.1080/01621459.2019.1573732},
eprint = {1809.00544},
issn = {1537274X},
journal = {Journal of the American Statistical Association},
keywords = {Bayesian methods,Censoring,Tuberculosis,Under-detection,Under-recording},
mendeley-groups = {Master Thesis/3- Correlatos},
title = {{A Hierarchical Framework for Correcting Under-Reporting in Count Data}},
year = {2019}
}

@article{Silva2020,
author = {Silva, Gulnar Azevedo e and Jardim, Beatriz Cordeiro and dos Santos, Cleber Vinicius Brito},
doi = {10.1590/1413-81232020259.23642020},
issn = {1413-8123},
journal = {Ci{\^{e}}ncia {\&} Sa{\'{u}}de Coletiva},
mendeley-groups = {Master Thesis/3- Correlatos},
title = {{Excesso de mortalidade no Brasil em tempos de COVID-19}},
year = {2020}
}

@article{HernandezVasquez2020,
author = {Hernandez-Vasquez, Akram and Gamboa-Unsihuay, Jesus Eduardo and Vargas-Fernandez, Rodrigo and Azanedo, Diego},
doi = {10.5867/medwave.2020.08.8032},
issn = {0717-6384},
journal = {Medwave},
mendeley-groups = {Master Thesis/3- Correlatos},
pmid = {33017383},
title = {{Excess mortality in Metropolitan Lima during the COVID19 pandemic, A district level comparison}},
year = {2020}
}

%===========================================================================%
% Capitulo 04                                                              %
%===========================================================================%
@book{Pyle1999,
  title={Data preparation for data mining},
  author={Pyle, Dorian},
  year={1999},
  publisher={morgan kaufmann}
}

@misc{IBGE2019,
author = {IBGE},
mendeley-groups = {Master Thesis/4- Metodologia},
title = {{IBGE divulga as estimativas da popula{\c{c}}{\~{a}}o dos munic{\'{i}}pios para 2019}},
url = {https://agenciadenoticias.ibge.gov.br/agencia-sala-de-imprensa/2013-agencia-de-noticias/releases/25278-ibge-divulga-as-estimativas-da-populacao-dos-municipios-para-2019},
urldate = {18/02/2021},
year = {2019}
}

@article{Mukaka2012,
  title={Statistics corner: A guide to appropriate use of correlation in medical research},
  author={Mukaka, M},
  journal={Malawi Med. J.},
  volume={24},
  number={3},
  pages={69--71},
  year={2012}
}

@book{Benesty2009,
  title={Noise reduction in speech processing},
  author={Benesty, Jacob and Chen, Jingdong and Huang, Yiteng and Cohen, Israel},
  volume={2},
  year={2009},
  publisher={Springer Science \& Business Media}
}

@article{Veiga_JMIR_2020,
author = {Veiga e Silva, Lena and {de Andrade Abi Harb}, Maria Da Penha and {Teixeira Barbosa dos Santos}, Aurea Milene and {de Mattos Teixeira}, Carlos Andr{\'{e}} and {Macedo Gomes}, Vitor Hugo and {Silva Cardoso}, Evelin Helena and {Silva da Silva}, Marcelino and {Lankalapalli Vijaykumar}, Nandamudi and {Ven{\^{a}}ncio Carvalho}, Solon and {Ponce de Leon Ferreira de Carvalho}, Andr{\'{e}} and {Lisboa Frances}, Carlos Renato},
doi = {10.2196/21413},
file = {:Users/andrematte/Documents/Mendeley Desktop/Veiga e Silva et al/Journal of Medical Internet Research/Veiga e Silva et al.{\_}2020{\_}An analysis of COVID-19 mortality underreporting based on data available from official Brazilian government in.pdf:pdf},
journal = {Journal of Medical Internet Research},
keywords = {1,2020,22,8,brazil,covid-19,e21413,forecasting,http,iss,j med internet res,jmir,mortality,org,p,pandemic,public health,respiratory system diseases,time series,underreporting,vol,www},
mendeley-groups = {Master Thesis/Publica{\c{c}}{\~{o}}es do Grupo},
pages = {1--14},
title = {{An analysis of COVID-19 mortality underreporting based on data available from official Brazilian government internet portals (Preprint)}},
volume = {22},
year = {2020}
}

@article{Veiga_SBC_2020,
author = {Veiga e Silva, Lena and {de Andrade Abi Harb}, Maria Da Penha and {Teixeira Barbosa dos Santos}, Aurea Milene and {de Mattos Teixeira}, Carlos Andr{\'{e}} and {Macedo Gomes}, Vitor Hugo and {Silva Cardoso}, Evelin Helena and {Silva da Silva}, Marcelino and {Lankalapalli Vijaykumar}, Nandamudi and {Ven{\^{a}}ncio Carvalho}, Solon and {Ponce de Leon Ferreira de Carvalho}, Andr{\'{e}} and {Lisboa Frances}, Carlos Renato},
file = {:Users/andrematte/Documents/Mendeley Desktop/Veiga e Silva et al/Computa{\c{c}}{\~{a}}o Brasil/Veiga e Silva et al.{\_}2020{\_}Um Estudo Sobre Subnotifica{\c{c}}{\~{a}}o de Mortalidade por COVID-19 na Cidade de Manaus.pdf:pdf},
journal = {Computa{\c{c}}{\~{a}}o Brasil},
mendeley-groups = {Master Thesis/Publica{\c{c}}{\~{o}}es do Grupo},
pages = {16},
title = {{Um Estudo Sobre Subnotifica{\c{c}}{\~{a}}o de Mortalidade por COVID-19 na Cidade de Manaus}},
url = {https://www.sbc.org.br/images/flippingbook/computacaobrasil/computa_42/pdf/CompBrasil_42.pdf},
year = {2020}
}



%===========================================================================%
% Apêndices                                                              %
%===========================================================================%

@misc{SINAN2017,
author = {SINAN},
mendeley-groups = {Master Thesis/Ap{\^{e}}ndices},
title = {{Calend{\'{a}}rio Epidemiol{\'{o}}gico 2020}},
urldate = {26/02/2020},
year = {2017}
}

